@MISC{bib_raspberrypi,
      AUTHOR = "Raspberry Pi - Main Page",
      TITLE = "Raspberry Pi Foundation",
      NOTE = "\url{https://www.raspberrypi.org/}"
},

@MISC{bib_raspbian,
      AUTHOR = "RASPBIAN",
      TITLE = "Raspberry Pi Foundation",
      NOTE = "\url{https://www.raspberrypi.org/downloads/raspbian/}"
},

@MISC{bib_ulcd,
      AUTHOR = "uLcd-28PTU",
      TITLE = "4D Systems",
      NOTE = "\url{http://www.4dsystems.com.au/product/uLCD_28PTU/}"
},

@MISC{bib_serulcd,
      AUTHOR = "PICASSO - uLcd-28PTU",
      TITLE = "uLCD-28PTU - Serial Command Documentation",
      NOTE = "\url{http://www.4dsystems.com.au/productpages/PICASO/downloads/PICASO_serialcmdmanual_R_2_0.pdf}"
},
@MISC{bib_etcher,
      AUTHOR = "Etcher",
      TITLE = "Installing Raspbian using Etcher",
      NOTE = "\url{://www.raspberrypi.org/magpi/pi-sd-etcher/}"
},

@MISC{bib_pisch,
      AUTHOR = "Schematic",
      TITLE = "Raspberry Pi schematic",
      NOTE = "\url{https://www.raspberrypi.org/documentation/hardware/raspberrypi/schematics/Raspberry-Pi-2B-V1.2-Schematics.pdf}"
},

@MISC{bib_code,
      AUTHOR = "Jinu Jayachandran",
      TITLE = "Simultaneous display of two sine waves",
      NOTE = "\url{https://github.com/jinujayachandran/dso}"
},




